<?xml version="1.0" encoding="UTF-8"?><record xmlns="http://www.loc.gov/MARC21/slim" xmlns:cinclude="http://apache.org/cocoon/include/1.0" xmlns:zs="http://www.loc.gov/zing/srw/">
  <leader>00523cz  a2200157n  4500</leader>
  <controlfield tag="001">n  85206181 </controlfield>
  <controlfield tag="003">DLC</controlfield>
  <controlfield tag="005">20090206081334.0</controlfield>
  <controlfield tag="008">850830n| acannaabn          |a ana      </controlfield>
  <datafield tag="010" ind1=" " ind2=" ">
    <subfield code="a">n  85206181 </subfield>
  </datafield>
  <datafield tag="035" ind1=" " ind2=" ">
    <subfield code="a">(OCoLC)oca01578448</subfield>
  </datafield>
  <datafield tag="040" ind1=" " ind2=" ">
    <subfield code="a">DLC</subfield>
    <subfield code="b">eng</subfield>
    <subfield code="c">DLC</subfield>
    <subfield code="d">DLC</subfield>
    <subfield code="d">OCoLC</subfield>
  </datafield>
  <datafield tag="110" ind1="2" ind2=" ">
    <subfield code="a">Vä kyrka</subfield>
  </datafield>
  <datafield tag="410" ind1="2" ind2=" ">
    <subfield code="a">Mariakyrkan (Vä, Kristianstads län, Sweden)</subfield>
  </datafield>
  <datafield tag="410" ind1="2" ind2=" ">
    <subfield code="a">St. Mary's Church (Vä, Kristianstads län, Sweden)</subfield>
  </datafield>
  <datafield tag="670" ind1=" " ind2=" ">
    <subfield code="a">Græbe, H. Kyrkorna i Vä, 1971:</subfield>
    <subfield code="b">p. 5, etc. (Vä kyrka, Mariakyrkan, St. Mary's Church)</subfield>
  </datafield>
</record>